<?xml version="1.0"?>
<marc:records xmlns:marc="http://www.loc.gov/MARC21/slim" xmlns:xsi="http://www.w3.org/2001/XMLSchema-instance" xsi:schemaLocation="http://www.loc.gov/MARC21/slim http://www.loc.gov/standards/marcxml/schema/MARC21slim.xsd">
  <marc:record>
    <marc:leader>02186cam a2200445   4500</marc:leader>
    <marc:controlfield tag="001">9940421723503681</marc:controlfield>
    <marc:controlfield tag="005">20220624134749.0</marc:controlfield>
    <marc:controlfield tag="008">030101q11uu12uuxx            000 0 jrb d</marc:controlfield>
    <marc:datafield ind1=" " ind2=" " tag="035">
  <marc:subfield code="a">(OCoLC)ocn249592225</marc:subfield>
</marc:datafield>
    <marc:datafield ind1=" " ind2=" " tag="035">
  <marc:subfield code="a">(OCoLC)249592225</marc:subfield>
</marc:datafield>
    <marc:datafield ind1=" " ind2=" " tag="035">
  <marc:subfield code="a">(PU)gen000457</marc:subfield>
</marc:datafield>
    <marc:datafield ind1=" " ind2=" " tag="035">
  <marc:subfield code="a">4042172</marc:subfield>
</marc:datafield>
    <marc:datafield ind1=" " ind2=" " tag="035">
  <marc:subfield code="a">(PU)4042172-penndb-Voyager</marc:subfield>
</marc:datafield>
    <marc:datafield ind1=" " ind2=" " tag="040">
  <marc:subfield code="a">PU-CJS</marc:subfield>
  <marc:subfield code="b">eng</marc:subfield>
  <marc:subfield code="c">PU-CJS</marc:subfield>
</marc:datafield>
    <marc:datafield ind1=" " ind2=" " tag="090">
  <marc:subfield code="a">RAR MS</marc:subfield>
  <marc:subfield code="i">09/17/02 EC</marc:subfield>
</marc:datafield>
    <marc:datafield ind1="0" ind2="0" tag="245">
  <marc:subfield code="a">[Commentary on Ecclesiastes 2:8-21] :</marc:subfield>
  <marc:subfield code="k">manuscript.</marc:subfield>
</marc:datafield>
    <marc:datafield ind1="3" ind2=" " tag="246">
  <marc:subfield code="a">Commentary on Kohelet 2:8-21</marc:subfield>
</marc:datafield>
    <marc:datafield ind1=" " ind2=" " tag="260">
  <marc:subfield code="a">[Orient],</marc:subfield>
  <marc:subfield code="b">[publisher not identified],</marc:subfield>
  <marc:subfield code="c">[12th century-13th century?]</marc:subfield>
</marc:datafield>
    <marc:datafield ind1=" " ind2=" " tag="300">
  <marc:subfield code="a">1 folio :</marc:subfield>
  <marc:subfield code="b">torn in upper edge</marc:subfield>
</marc:datafield>
    <marc:datafield ind1=" " ind2=" " tag="336">
  <marc:subfield code="a">text</marc:subfield>
  <marc:subfield code="b">txt</marc:subfield>
  <marc:subfield code="2">rdacontent</marc:subfield>
</marc:datafield>
    <marc:datafield ind1=" " ind2=" " tag="337">
  <marc:subfield code="a">unspecified</marc:subfield>
  <marc:subfield code="b">z</marc:subfield>
  <marc:subfield code="2">rdamedia</marc:subfield>
</marc:datafield>
    <marc:datafield ind1=" " ind2=" " tag="338">
  <marc:subfield code="a">unspecified</marc:subfield>
  <marc:subfield code="b">zu</marc:subfield>
  <marc:subfield code="2">rdacarrier</marc:subfield>
</marc:datafield>
    <marc:datafield ind1=" " ind2=" " tag="340">
  <marc:subfield code="b">X cm</marc:subfield>
  <marc:subfield code="c">material applied: black ink</marc:subfield>
  <marc:subfield code="d">ruling method:</marc:subfield>
  <marc:subfield code="h">columns:</marc:subfield>
  <marc:subfield code="h">lines: 16 extant.</marc:subfield>
</marc:datafield>
    <marc:datafield ind1=" " ind2=" " tag="500">
  <marc:subfield code="a">The commentary is more lexical than hermeneutic, explaining individual words and terms, often using biblical examples; sporadic vocalization.</marc:subfield>
</marc:datafield>
    <marc:datafield ind1="4" ind2=" " tag="510">
  <marc:subfield code="a">IMHM,</marc:subfield>
  <marc:subfield code="c">no. F 38400 (PHIL UP Genizah NS11)</marc:subfield>
</marc:datafield>
    <marc:datafield ind1=" " ind2=" " tag="530">
  <marc:subfield code="a">Online version available.</marc:subfield>
</marc:datafield>
    <marc:datafield ind1=" " ind2=" " tag="546">
  <marc:subfield code="a">Judeo-Arabic.</marc:subfield>
  <marc:subfield code="b">Hebrew</marc:subfield>
</marc:datafield>
    <marc:datafield ind1=" " ind2=" " tag="561">
  <marc:subfield code="a">Cairo Genizah Collection (Dropsie College. Library).</marc:subfield>
</marc:datafield>
    <marc:datafield ind1=" " ind2=" " tag="561">
  <marc:subfield code="a">Cairo Genizah Collection (University of Pennsylvania. Center for Advanced Judaic Studies. Library).</marc:subfield>
  <marc:subfield code="5">PU-CJS</marc:subfield>
</marc:datafield>
    <marc:datafield ind1=" " ind2=" " tag="580">
  <marc:subfield code="a">Forms part of: Cairo Genizah Collection</marc:subfield>
</marc:datafield>
    <marc:datafield ind1="0" ind2="7" tag="630">
  <marc:subfield code="a">Bible.</marc:subfield>
  <marc:subfield code="2">fast</marc:subfield>
</marc:datafield>
    <marc:datafield ind1="0" ind2="0" tag="630">
  <marc:subfield code="a">Bible.</marc:subfield>
  <marc:subfield code="p">Ecclesiastes II, 8-21</marc:subfield>
  <marc:subfield code="v">Dictionaries</marc:subfield>
  <marc:subfield code="v">Early works to 1800.</marc:subfield>
</marc:datafield>
    <marc:datafield ind1="0" ind2="0" tag="630">
  <marc:subfield code="a">Bible.</marc:subfield>
  <marc:subfield code="p">Ecclesiastes II, 8-21</marc:subfield>
  <marc:subfield code="v">Commentaries</marc:subfield>
  <marc:subfield code="v">Early works to 1800.</marc:subfield>
</marc:datafield>
    <marc:datafield ind1=" " ind2="7" tag="655">
  <marc:subfield code="a">Dictionaries.</marc:subfield>
  <marc:subfield code="2">fast</marc:subfield>
  <marc:subfield code="0">http://id.worldcat.org/fast/1423826</marc:subfield>
</marc:datafield>
    <marc:datafield ind1=" " ind2="7" tag="655">
  <marc:subfield code="a">Dictionaries.</marc:subfield>
  <marc:subfield code="2">lcgft</marc:subfield>
  <marc:subfield code="0">http://id.loc.gov/authorities/genreForms/gf2014026086</marc:subfield>
</marc:datafield>
    <marc:datafield ind1=" " ind2="7" tag="655">
  <marc:subfield code="a">Commentaries.</marc:subfield>
  <marc:subfield code="2">fast</marc:subfield>
</marc:datafield>
    <marc:datafield ind1="2" ind2=" " tag="710">
  <marc:subfield code="a">Cairo Genizah Collection (University of Pennsylvania. Center for Advanced Judaic Studies. Library).</marc:subfield>
  <marc:subfield code="k">Manuscript.</marc:subfield>
  <marc:subfield code="n">RAR MS .</marc:subfield>
  <marc:subfield code="5">PU-CJS</marc:subfield>
</marc:datafield>
    <marc:datafield ind1="1" ind2=" " tag="773">
  <marc:subfield code="a">Cairo Genizah Collection</marc:subfield>
</marc:datafield>
    <marc:datafield ind1="0" ind2="0" tag="773">
  <marc:subfield code="t">Cairo Genizah Collection (University of Pennsylvania. Center for Advanced Judaic Studies. Library).</marc:subfield>
</marc:datafield>
    <marc:datafield ind1=" " ind2=" " tag="852">
  <marc:subfield code="b">Library at the Herbert D. Katz Center for Advanced Judaic Studies</marc:subfield>
  <marc:subfield code="a">University of Pennsylvania</marc:subfield>
  <marc:subfield code="e">420 Walnut Street, Philadelphia, Pennsylvania 19106-3703.</marc:subfield>
  <marc:subfield code="j">CAJS: RAR MS 85.126.21b</marc:subfield>
</marc:datafield>
    <marc:datafield ind1=" " ind2=" " tag="902">
  <marc:subfield code="a">MARCIVE 2022</marc:subfield>
</marc:datafield>
    <marc:holdings>
      <marc:holding>
        <marc:holding_id>22296467760003681</marc:holding_id>
        <marc:call_number>RAR MS</marc:call_number>
        <marc:library>KatzLib</marc:library>
        <marc:location>cjsgf</marc:location>
      </marc:holding>
    </marc:holdings>
  </marc:record>
</marc:records>
